<?xml version="1.0" encoding="UTF-8"?><collection xmlns="http://www.loc.gov/MARC21/slim"><record><leader>00444nam--2200121-i-4500</leader><controlfield tag="001">000034372</controlfield><controlfield tag="002">20161230</controlfield><controlfield tag="005">20161230201040</controlfield><controlfield tag="008">060222s1000------------r-----000-0-eng-d</controlfield><datafield ind1=" " ind2=" " tag="080"><subfield code="a">546(083.72)</subfield></datafield><datafield ind1=" " ind2=" " tag="245"><subfield code="a">Nomenclatura chimiei anorganice. dupa regulile elaborate de uniunea international de chimie pura si aplicata. sub ingrijirea si adaptarea dr.d.purdela</subfield></datafield><datafield ind1=" " ind2=" " tag="260"><subfield code="a">Bucuresti, Ed.Acad.Republicii Socialisste Romania, 1977, 153p</subfield></datafield><datafield ind1=" " ind2=" " tag="852"><subfield code="a">44705</subfield></datafield></record></collection>